<?xml version="1.0" encoding="UTF-8"?><collection><record><leader>05899ntm a2200541 a 4500</leader><controlfield tag="001">006832847</controlfield><controlfield tag="003">MiAaHDL</controlfield><controlfield tag="005">20190719000000.0</controlfield><controlfield tag="006">m        d        </controlfield><controlfield tag="007">cr bn ---auaua</controlfield><controlfield tag="008">090629q17401780xx            00| ||ara d</controlfield><datafield tag="035" ind1=" " ind2=" "><subfield code="a">(MiU)006832847</subfield></datafield><datafield tag="035" ind1=" " ind2=" "><subfield code="a">sdr-miu006832847</subfield></datafield><datafield tag="040" ind1=" " ind2=" "><subfield code="a">MiU</subfield><subfield code="c">MiU</subfield><subfield code="e">amremm</subfield></datafield><datafield tag="043" ind1=" " ind2=" "><subfield code="a">n-us-mi</subfield></datafield><datafield tag="100" ind1="1" ind2=" "><subfield code="6">880-01</subfield><subfield code="a">Sanūsī, Muḥammad ibn Yūsuf,</subfield><subfield code="d">approximately 1427-approximately 1490.</subfield></datafield><datafield tag="245" ind1="1" ind2="0"><subfield code="6">880-03</subfield><subfield code="a">Hādhā Sharḥ al-Muqaddimah fī uṣūl al-dīn,</subfield><subfield code="f">[18th century].</subfield></datafield><datafield tag="246" ind1="3" ind2=" "><subfield code="i">Title from inscription on verso of front flyleaf:</subfield><subfield code="a">للمقدمة</subfield></datafield><datafield tag="246" ind1="3" ind2="8"><subfield code="a">شرح السنوسي للمقدمة</subfield></datafield><datafield tag="260" ind1=" " ind2=" "><subfield code="c">[1740-1780?].</subfield></datafield><datafield tag="300" ind1=" " ind2=" "><subfield code="a">145 leaves :</subfield><subfield code="b">paper ;</subfield><subfield code="c">161 x 105 (110 x 60) mm. bound to 169 x 113 mm.</subfield></datafield><datafield tag="500" ind1=" " ind2=" "><subfield code="a">Shelfmark: Ann Arbor, University of Michigan, Special Collections Library, Isl. Ms. 958</subfield></datafield><datafield tag="500" ind1=" " ind2=" "><subfield code="a">Origin: Lacks dated colophon ; paper, etc. suggest mid to late 18th century (see Walz, "The Paper trade of Egypt and the Sudan," 83-84. Replacement leaves likely late 19th or even early 20th century.</subfield></datafield><datafield tag="500" ind1=" " ind2=" "><subfield code="a">Former shelfmark: Mich. Isl. Ms. temp. no. 107</subfield></datafield><datafield tag="500" ind1=" " ind2=" "><subfield code="a">Binding: Boards covered in textured black cloth (repeating vegetal pattern) with black leather over spine (quarter binding) ; Western style binding ; pastedowns and flyleaves in wove paper printed with a floral vegetal pattern in pink and green ; spine gold-stamped with title and decorative accents over raised bands "شرح السنوسي للمقدمة" ; sewn in white thread over three recessed cords ; overall in fairly good condition.</subfield></datafield><datafield tag="500" ind1=" " ind2=" "><subfield code="a">Support: European laid paper of at least two "raisin" types, both appearing in some quires ; opening type with 11-12 laid lines per cm. (horizontal), chain lines spaced 24 mm. apart (vertical), and watermark of grapes (raisin) under cartouche and crown (see pp.8, 12, 16, 18, etc.), sturdy and well-burnished, dark cream to beige in color, minor ink burn ; other type with 11 laid lines per cm. (horizontal), chain lines spaced 18-20 mm. apart (vertical), and watermark of grapes (raisin) under cartouche with "C D..." and crown above (see pp.92, 104, etc.), sturdy and well-burnished, cream in color ; replacement sections on leaves of machine wove paper, well-burnished to glossy, light brown in color.</subfield></datafield><datafield tag="500" ind1=" " ind2=" "><subfield code="a">Decoration: Keywords, abbreviation symbols (mainly sigla and two-teeth stroke overlining keywords) rubricated.</subfield></datafield><datafield tag="500" ind1=" " ind2=" "><subfield code="a">Script: Naskh ; clear, spacious Egyptian hand in a medium line ; serifless with slight effect of tilt to the left, pointing in distinct dots, alif maqṣūrah usually pointed as yāʼ ; replacement sections (pp.161-184, 285-290) supplied in a different hand, larger, bolder and more carefully executed.</subfield></datafield><datafield tag="500" ind1=" " ind2=" "><subfield code="a">Layout: Written in 11 lines per page ; frame-ruled.</subfield></datafield><datafield tag="500" ind1=" " ind2=" "><subfield code="a">Collation: i, 8 V(80), VI (92), 5 V(142), I+1 (145), i ; almost exclusively quinions ; catchwords present ; pagination in pencil, Western numerals, supplied during digitization.</subfield></datafield><datafield tag="500" ind1=" " ind2=" "><subfield code="a">Explicit: "وفي قبورنا ويوم يبعث الله تعالى لفصل القضاء جميع الانام وهذا آخر ما قيدناه على المقدمات نسأله سبحانه وتعالى ان ينفع بها وبشرحها الواضع والمتسبب والقرائ والكاتب والناظر والمعلم والمتعلم في الحياة وبعد الممات ... وآخر دعواهم ان الحمد لله رب العالمين تمت بحمد الله وعون وحسن توفيقه والحمد لله وحده وصلى الله على سيدنا محمد وعلى اله وصحبه وسلم م"</subfield></datafield><datafield tag="500" ind1=" " ind2=" "><subfield code="a">Incipit: "قال الشيخ الفقيه الامام الصالح سيدي ابو عبد الله محمد بن يوسف السنوسي ... الحمد لله رب العالمين والصلاة والسلام على سيدنا محمد خاتم النبيين ... وبعد فهذه كلمات قصدت بها شرح ما وضعته من المقدمة على سبيل الاختصار ..."</subfield></datafield><datafield tag="500" ind1=" " ind2=" "><subfield code="a">Title from 'title page' inscription on p.1.</subfield></datafield><datafield tag="500" ind1=" " ind2=" "><subfield code="a">Ms. codex.</subfield></datafield><datafield tag="510" ind1="4" ind2=" "><subfield code="a">Walz, Terence. "The Paper trade of Egypt and the Sudan in the eighteenth and nineteenth centuries and its re-export to the Bilad as-Sudan." In The Trans-Saharan book trade: manuscript culture, Arabic literacy, and intellectual history in Muslim Africa. Graziano Krätli and Ghislaine Lydon, Eds. (Leiden : Brill, 2011):</subfield><subfield code="c">73-108.</subfield></datafield><datafield tag="510" ind1="4" ind2=" "><subfield code="a">Brockelmann, C. GAL,</subfield><subfield code="c">II 250 ; S II 352</subfield></datafield><datafield tag="520" ind1="8" ind2=" "><subfield code="a">Fine copy of Abū ʻAbd Allāh Muḥammad ibn Yūsuf al-Sanūsī's (d.1490) commentary on one of his brief treatises on the essentials of faith, al-Muqaddimah.</subfield></datafield><datafield tag="538" ind1=" " ind2=" "><subfield code="a">Mode of access: Internet.</subfield></datafield><datafield tag="541" ind1=" " ind2=" "><subfield code="a">Acquired in the Fall of 1950.</subfield></datafield><datafield tag="546" ind1=" " ind2=" "><subfield code="a">Arabic.</subfield></datafield><datafield tag="561" ind1=" " ind2=" "><subfield code="a">On upper pastedown label with ex libris of James Heyworth-Dunne (d.1974), stamped with inventory numbers, "Ex Libris | J. Heyworth-Dunne | D. Lit. (London) | No. 7788" ; ownership statements on 'title page' (p.1) include effaced statement and statement in name of Abū al-Faḍl Muḥammad al-Ṣiddīqī [?] ( ابو الفضل محمد الصديقي ) ; UM Library inscription on p.3 "Dunning | Heyworth-Dunne | 6-13-51 | 71955" ; glosses and marginal corrections.</subfield></datafield><datafield tag="600" ind1="1" ind2="0"><subfield code="a">Sanūsī, Muḥammad ibn Yūsuf,</subfield><subfield code="d">ca. 1427-ca. 1490.</subfield><subfield code="t">Muqaddimah.</subfield></datafield><datafield tag="650" ind1=" " ind2="0"><subfield code="a">Manuscripts, Arabic</subfield><subfield code="z">Michigan</subfield><subfield code="z">Ann Arbor.</subfield></datafield><datafield tag="650" ind1=" " ind2="0"><subfield code="a">Islam</subfield><subfield code="x">Doctrines</subfield><subfield code="v">Early works to 1800.</subfield></datafield><datafield tag="700" ind1="1" ind2=" "><subfield code="a">Heyworth-Dunne, J.</subfield><subfield code="q">(James),</subfield><subfield code="e">former owner.</subfield></datafield><datafield tag="773" ind1="0" ind2=" "><subfield code="a">Heyworth-Dunne Collection.</subfield></datafield><datafield tag="880" ind1="1" ind2="0"><subfield code="6">245-03/</subfield><subfield code="a">هذا شرح المقدمة في اصول الدين,</subfield><subfield code="f">[القرن 18م].</subfield></datafield><datafield tag="880" ind1="1" ind2=" "><subfield code="6">100-01/</subfield><subfield code="a">سنوسي، محمد بن يوسف</subfield></datafield><datafield tag="CID" ind1=" " ind2=" "><subfield code="a">006832847</subfield></datafield><datafield tag="DAT" ind1="0" ind2=" "><subfield code="a">20190719102640.0</subfield><subfield code="b">20190719000000.0</subfield></datafield><datafield tag="DAT" ind1="1" ind2=" "><subfield code="a">20190719090653.0</subfield><subfield code="b">2019-07-19T16:12:21Z</subfield></datafield><datafield tag="DAT" ind1="2" ind2=" "><subfield code="a">2015-10-10T18:00:06Z</subfield></datafield><datafield tag="CAT" ind1=" " ind2=" "><subfield code="a">SDR-MIU</subfield><subfield code="d">EX LIBRIS - ALEPH</subfield><subfield code="l">prepare.pl-004-008</subfield></datafield><datafield tag="FMT" ind1=" " ind2=" "><subfield code="a">BK</subfield></datafield><datafield tag="HOL" ind1=" " ind2=" "><subfield code="0">sdr-miu006832847</subfield><subfield code="a">MiU</subfield><subfield code="b">SDR</subfield><subfield code="c">MIU</subfield><subfield code="p">mdp.39015079131390</subfield><subfield code="s">MIU</subfield><subfield code="1">006832847</subfield></datafield><datafield tag="974" ind1=" " ind2=" "><subfield code="b">MIU</subfield><subfield code="c">MIU</subfield><subfield code="d">20190719</subfield><subfield code="s">lit-dlps-dc</subfield><subfield code="u">mdp.39015079131390</subfield><subfield code="y">1780</subfield><subfield code="r">pd</subfield><subfield code="q">bib</subfield><subfield code="t">non-US bib date2 &lt; 1879</subfield></datafield></record></collection>